<record><leader>00000cas a22000007a 4500</leader><controlfield tag="001">26123916</controlfield><controlfield tag="008">920702d19001903ncucr ne      0    0eng d</controlfield><datafield ind1=" " ind2=" " tag="010"><subfield code="a">sn 92073117 </subfield></datafield><datafield ind1=" " ind2=" " tag="040"><subfield code="a">NVJ</subfield><subfield code="b">eng</subfield><subfield code="c">NVJ</subfield><subfield code="d">NVK</subfield><subfield code="d">OCLCQ</subfield><subfield code="d">OCLCF</subfield><subfield code="d">OCLCO</subfield></datafield><datafield ind1="1" ind2=" " tag="029"><subfield code="a">AU@</subfield><subfield code="b">000020738504</subfield></datafield><datafield ind1=" " ind2=" " tag="042"><subfield code="a">msc</subfield></datafield><datafield ind1="0" ind2="0" tag="245"><subfield code="a">Salisbury semi-weekly truth-index.</subfield></datafield><datafield ind1="3" ind2="0" tag="246"><subfield code="a">Salisbury semiweekly truth index</subfield></datafield><datafield ind1="1" ind2="3" tag="246"><subfield code="a">Salisbury truth-index</subfield></datafield><datafield ind1="1" ind2="3" tag="246"><subfield code="a">Semi-weekly truth-index</subfield></datafield><datafield ind1=" " ind2=" " tag="260"><subfield code="a">Salisbury, N.C. :</subfield><subfield code="b">Wm. H. Stewart,</subfield><subfield code="c">1900-</subfield></datafield><datafield ind1=" " ind2=" " tag="300"><subfield code="a">v.</subfield></datafield><datafield ind1=" " ind2=" " tag="310"><subfield code="a">Semiweekly</subfield></datafield><datafield ind1="0" ind2=" " tag="362"><subfield code="a">Vol. 13, no. 19 (Mar. 13, 1900)-</subfield></datafield><datafield ind1="1" ind2=" " tag="362"><subfield code="a">Ceased in Dec. 1903.</subfield></datafield><datafield ind1=" " ind2=" " tag="530"><subfield code="a">Available on microfilm from North Carolina Dept. of Archives and History.</subfield></datafield><datafield ind1=" " ind2=" " tag="580"><subfield code="a">Daily ed.: Salisbury daily truth-index, 1900-&lt;1901&gt;.</subfield></datafield><datafield ind1=" " ind2="0" tag="651"><subfield code="a">Salisbury (N.C.)</subfield><subfield code="v">Newspapers.</subfield></datafield><datafield ind1=" " ind2="0" tag="651"><subfield code="a">Rowan County (N.C.)</subfield><subfield code="v">Newspapers.</subfield></datafield><datafield ind1=" " ind2="7" tag="655"><subfield code="a">Newspapers.</subfield><subfield code="2">fast</subfield><subfield code="0">(OCoLC)fst01423814</subfield></datafield><datafield ind1=" " ind2="7" tag="651"><subfield code="a">North Carolina</subfield><subfield code="z">Rowan County.</subfield><subfield code="2">fast</subfield><subfield code="0">(OCoLC)fst01205498</subfield></datafield><datafield ind1=" " ind2="7" tag="651"><subfield code="a">North Carolina</subfield><subfield code="z">Salisbury.</subfield><subfield code="2">fast</subfield><subfield code="0">(OCoLC)fst01202783</subfield></datafield><datafield ind1=" " ind2=" " tag="752"><subfield code="a">United States</subfield><subfield code="b">North Carolina</subfield><subfield code="c">Rowan</subfield><subfield code="d">Salisbury.</subfield></datafield><datafield ind1="1" ind2=" " tag="775"><subfield code="t">Salisbury daily truth-index</subfield><subfield code="w">(DLC)sn 92073120</subfield></datafield><datafield ind1="0" ind2="0" tag="780"><subfield code="t">Salisbury truth</subfield><subfield code="w">(DLC)sn 92073116</subfield></datafield><datafield ind1="0" ind2="0" tag="785"><subfield code="t">Salisbury globe</subfield><subfield code="w">(DLC)sn 92073118</subfield></datafield></record>